@book{rudin1976principles,
  title     = {Principles of Mathematical Analysis},
  author    = {Rudin, W.},
  isbn      = {9780070856134},
  lccn      = {75179033},
  series    = {International series in pure and applied mathematics},
  url       = {https://books.google.com/books?id=kwqzPAAACAAJ},
  year      = {1976},
  publisher = {McGraw-Hill}
}
